@book{robinson,
	title = "Introduction to Empirical Bayes: Examples from Bayesian Statistics",
	author = "David Robinson",
	year = "2016"
}
@misc{lahman,
	author = "Sean Lahman",
	title = "Lahman package",
	year = "2020",
	url = "https://cran.r-project.org/web/packages/Lahman/Lahman.pdf"
}
@misc{baseballreference,
	author = "Sports Reference LLC",
	title = "Michael Conforto Game Logs",
	year = "2020",
	url = "https://www.baseball-reference.com/players/c/confomi01.shtml"
}
